
@misc{ seguridadsocial,
       author = "Gobierno de España",
       title = "Seguridad Social --- Bases y tipos de cotización 2019",
       year = "2019",
       howpublished= "\url{http://www.seg-social.es/wps/portal/wss/internet/Trabajadores/CotizacionRecaudacionTrabajadores/36537}"
}

@misc{ witbox,
       author = "BQ",
       title = "BQ Witbox 2",
       year = "2019",
       howpublished= "\url{https://www.bq.com/es/witbox-2}"
}

@misc{ zotac,
       author = "Pccomponentes",
       title = "Zotac ZBox HD-ID11 Barebone",
       year = "2019",
       howpublished= "\url{https://www.pccomponentes.com/zotac-zbox-hd-id11-barebone}"
}

@misc{ wiki:psfl,
       author = "Wikipedia",
       title = "Python Software Foundation License --- Wikipedia{,} La enciclopedia libre",
       year = "2019",
       howpublished= "\url{https://es.wikipedia.org/wiki/Python_Software_Foundation_License}"
}

@misc{ wiki:bsd,
       author = "Wikipedia",
       title = "Licencia BSD --- Wikipedia{,} La enciclopedia libre",
       year = "2019",
       howpublished= "\url{https://es.wikipedia.org/wiki/Licencia_BSD}"
}

@misc{ wiki:apache,
       author = "Wikipedia",
       title = "Apache License --- Wikipedia{,} La enciclopedia libre",
       year = "2019",
       howpublished= "\url{https://es.wikipedia.org/wiki/Apache_License}"
}

@misc{ wiki:mit,
       author = "Wikipedia",
       title = "Licencia MIT --- Wikipedia{,} La enciclopedia libre",
       year = "2019",
       howpublished= "\url{https://es.wikipedia.org/wiki/Licencia_MIT}"
}

@misc{ anaconda,
       author = "Anaconda",
       title = "Anaconda 2018.12 for macOS Installer",
       year = "2019",
       howpublished= "\url{https://www.anaconda.com/distribution/#download-section}"
}

@misc{ pycharm,
       author = "Pycharm",
       title = "Download PyCharm",
       year = "2019",
       howpublished= "\url{https://www.jetbrains.com/pycharm/download/#section=mac}"
}

@misc{ sublime,
       author = "Sublime Text",
       title = "A sophisticated text editor for code, markup and prose",
       year = "2019",
       howpublished= "\url{https://www.sublimetext.com/}"
}

@misc{ putty,
       author = "PuTTY",
       title = "Download PuTTY",
       year = "2019",
       howpublished= "\url{https://www.putty.org/}"
}

@misc{ repositorio,
       author = "Github",
       title = "Monitor en tiempo real de un sistema de fabricación aditiva para Octoprint",
       year = "2019",
       howpublished= "\url{https://github.com/AbadiaTecnologica/Monitor-en-tiempo-real-de-un-sistema-de-fabricacion-aditiva-para-Octoprint}"
}





