
@misc{ wiki:latex,
       author = "Wikipedia",
       title = "LaTeX --- Wikipedia{,} La enciclopedia libre",
       year = "2019",
       howpublished = "\url{https://es.wikipedia.org/wiki/LaTeX}"
}

@misc{ wiki:sublime,
       author = "Wikipedia",
       title = "Sublime Text --- Wikipedia{,} La enciclopedia libre",
       year = "2019",
       howpublished = "\url{https://es.wikipedia.org/wiki/Sublime_Text}"
}

@misc{ wiki:gcode,
       author = "Wikipedia",
       title = "G-code --- Wikipedia{,} La enciclopedia libre",
       year = "2019",
       howpublished= "\url{https://es.wikipedia.org/wiki/G-code}"
}

@misc{ wiki:json,
       author = "Wikipedia",
       title = "JSON --- Wikipedia{,} La enciclopedia libre",
       year = "2019",
       howpublished = "\url{https://es.wikipedia.org/wiki/JSON}"
}

@misc{ octoprint,
       author = "OctoPrint",
       title = "OctoPrint --- Full remote control and monitoring",
       year = "2019",
       howpublished = "\url{https://octoprint.org/}"
}

@misc{ api,
       author = "BBVAOPEN4U",
       title = "API REST--- API REST: qué es y cuáles son sus ventajas en el desarrollo de proyectos",
       year = "2019",
       howpublished = "\url{https://bbvaopen4u.com/es/actualidad/api-rest-que-es-y-cuales-son-sus-ventajas-en-el-desarrollo-de-proyectos}"
}

@misc{ wiki:python,
       author = "Wikipedia",
       title = "Python --- Wikipedia{,} La enciclopedia libre",
       year = "2019",
       howpublished = "\url{https://es.wikipedia.org/wiki/Python}"
}

@misc{ wiki:flask,
       author = "Wikipedia",
       title = "Flask --- Wikipedia{,} La enciclopedia libre",
       year = "2019",
       howpublished = "\url{https://es.wikipedia.org/wiki/Flask}"
}

@misc{ wiki:jinja,
       author = "Wikipedia",
       title = "Jinja --- Wikipedia{,} La enciclopedia libre",
       year = "2019",
       howpublished = "\url{https://en.wikipedia.org/wiki/Jinja_(template_engine)}"
}

@misc{ wiki:bootstrap,
       author = "Wikipedia",
       title = "Bootstrap --- Wikipedia{,} La enciclopedia libre",
       year = "2019",
       howpublished = "\url{https://es.wikipedia.org/wiki/Bootstrap_(framework)}"
}

@misc{ wiki:javascript,
       author = "Wikipedia",
       title = "JavaScript --- Wikipedia{,} La enciclopedia libre",
       year = "2019",
       howpublished = "\url{https://es.wikipedia.org/wiki/JavaScript}"
}

@misc{ wiki:html,
       author = "Wikipedia",
       title = "HTML --- Wikipedia{,} La enciclopedia libre",
       year = "2019",
       howpublished = "\url{https://es.wikipedia.org/wiki/HTML}"
}

@misc{ wiki:sqlite,
       author = "Wikipedia",
       title = "SQLite --- Wikipedia{,} La enciclopedia libre",
       year = "2019",
       howpublished = "\url{https://es.wikipedia.org/wiki/SQLite}"
}

@misc{ wiki:nginx,
       author = "Wikipedia",
       title = "Nginx --- Wikipedia{,} La enciclopedia libre",
       year = "2019",
       howpublished = "\url{https://es.wikipedia.org/wiki/Nginx}"
}

@misc{ wiki:pycharm,
       author = "Wikipedia",
       title = "PyCharm --- Wikipedia{,} La enciclopedia libre",
       year = "2019",
       howpublished = "\url{https://en.wikipedia.org/wiki/PyCharm}"
}

@misc{ wiki:bash,
       author = "Wikipedia",
       title = "Bash --- Wikipedia{,} La enciclopedia libre",
       year = "2019",
       howpublished = "\url{https://es.wikipedia.org/wiki/Bash}"
}

@misc{ wiki:putty,
       author = "Wikipedia",
       title = "PuTTY --- Wikipedia{,} La enciclopedia libre",
       year = "2019",
       howpublished = "\url{https://es.wikipedia.org/wiki/PuTTY}"
}

@misc{ wiki:github,
       author = "Wikipedia",
       title = "GitHub --- Wikipedia{,} La enciclopedia libre",
       year = "2019",
       howpublished = "\url{https://es.wikipedia.org/wiki/GitHub}"
}

@misc{ wiki:extrusor,
       author = "3DPrint",
       title = "Extrusor --- Flexion Extruder: Take a Lower-Performing 3D Printer to the Industrial Level",
       year = "2019",
       howpublished = "\url{https://3dprint.com/143704/flexion-extruder-industrial/}"
}

@misc{ wiki:cama,
       author = "BIQU",
       title = "Cama --- New RepRap 3D Printer PCB Heatbed MK2B 214*214*1.6MM Heated thermistor Bed Hot Plate For Prusa and Mendel thermistor bed",
       year = "2019",
       howpublished = "\url{https://www.biqu.equipment/products/new-reprap-3d-printer-pcb-heatbed-mk2a-300-300-1-6mm-heated-bed-hot-plate-for-prusa-mendel}"
}

@misc{ wiki:gcodeimagen,
       author = "Norwegian Creations",
       title = "G-code --- An Intro to G-code and How to Generate It Using Inkscape",
       year = "2019",
       howpublished = "\url{https://www.norwegiancreations.com/2015/08/an-intro-to-g-code-and-how-to-generate-it-using-inkscape/}"
}

@misc{ wiki:flexible,
       author = "Simplify3d",
       title = "Flexible Filament --- Flexible",
       year = "2019",
       howpublished = "\url{https://www.simplify3d.com/support/materials-guide/flexible/}"
}

@misc{ wiki:jsonimagen,
       author = "Medium",
       title = "OctoPi/OctoPrint monitoring in Node Red",
       year = "2019",
       howpublished = "\url{https://medium.com/@notsobadger/octopi-octoprint-monitoring-in-node-red-12dc7864b302}"
}

@misc{ wiki:octoprintimagen,
       author = "OctoPrint",
       title = "Full remote control and monitoring",
       year = "2019",
       howpublished = "\url{https://octoprint.org/assets/img/features/temperature-tab.png}"
}
@misc{ wiki:codigoProyecto,
       author ="David Zotes",
       title = "Monitor en tiempo real de un sistema de fabricación aditiva para-Octoprint",
       year = "2019",
       howpublished = "\url{https://github.com/AbadiaTecnologica/Monitor-en-tiempo-real-de-un-sistema-de-fabricacion-aditiva-para-Octoprint}"
}

@misc{ codigoOctoprint,
       author ="Foosel",
       title = "GitHub --- OctoPrint",
       year = "2019",
       howpublished = "\url{https://github.com/foosel/OctoPrint}"
}

@misc{ astroprint,
       author ="AstroPrint",
       title = "Productos de software que permiten a CUALQUIERA crear, construir y aprender con impresoras 3D.",
       year = "2019",
       howpublished = "\url{https://www.astroprint.com/es}"
}

@misc{ alternativas,
       author ="Alternativeto",
       title = "Alternatives to OctoPrint",
       year = "2019",
       howpublished = "\url{https://alternativeto.net/software/octoprint/}"
}





